
@article{albert2010inverse,
  title={On the inverse image of pattern classes under bubble sort},
  author={Albert, Michael H and Atkinson, Mike D and Bouvel, Mathilde and Claesson, Anders and Dukes, Mark},
  journal={arXiv preprint arXiv:1008.5299},
  year={2010}
}

@article{bona2002survey,
  title={A survey of stack-sorting disciplines},
  author={B{\'o}na, Mikl{\'o}s},
  journal={the electronic journal of combinatorics},
  pages={A1--A1},
  year={2002}
}

@article{magnusson2013sorting,
  title={Sorting operators and their preimages},
  author={Magn{\'u}sson, Hjalti},
  journal={Computer Science},
  year={2013}
}

@article{limbrief,
  title={BRIEF INTRODUCTION ON STACK SORTING},
  author={LIM, CONG HAN}
}

@article{bouvel2022preimages,
  title={Preimages under the bubblesort operator},
  author={Bouvel, Mathilde and Cioni, Lapo and Ferrari, Luca},
  journal={arXiv preprint arXiv:2204.12936},
  year={2022}
}

@article{cioni2021preimages,
  title={Preimages under the Queuesort algorithm},
  author={Cioni, Lapo and Ferrari, Luca},
  journal={Discrete Mathematics},
  volume={344},
  number={11},
  pages={112561},
  year={2021},
  publisher={Elsevier}
}

@inproceedings{cioni2021characterization,
  title={Characterization and enumeration of preimages under the queuesort algorithm},
  author={Cioni, Lapo and Ferrari, Luca},
  booktitle={Extended Abstracts EuroComb 2021: European Conference on Combinatorics, Graph Theory and Applications},
  pages={234--240},
  year={2021},
  organization={Springer}
}
@article{claesson2012sorting,
  title={Sorting and preimages of pattern classes},
  author={Claesson, Anders and Ulfarsson, Henning},
  journal={Discrete Mathematics \& Theoretical Computer Science},
  number={Proceedings},
  year={2012},
  publisher={Episciences. org}
}
@article{patternmacros
  title = {ULTRA-QUICK TUTORIAL FOR GENERALIZED PATTERN MACROS},
  author = {HENNING ÃšLFARSSON},
  journal = {http://staff.ru.is/henningu/notes/patternmacros/patternmacros.tex}  
}

@article{branden2011mesh,
  title={Mesh patterns and the expansion of permutation statistics as sums of permutation patterns},
  author={Br{\"a}nd{\'e}n, Petter and Claesson, Anders},
  journal={arXiv preprint arXiv:1102.4226},
  year={2011}
}
